@article{DBLP:journals/sigkdd/Weiss04,
  author    = {Gary M. Weiss},
  title     = {Mining with rarity: a unifying framework},
  journal   = {{SIGKDD} Explorations},
  volume    = {6},
  number    = {1},
  pages     = {7--19},
  year      = {2004},
  url       = {http://doi.acm.org/10.1145/1007730.1007734},
  doi       = {10.1145/1007730.1007734},
  timestamp = {Thu, 09 Feb 2006 13:36:45 +0100},
  biburl    = {https://dblp.org/rec/bib/journals/sigkdd/Weiss04},
  bibsource = {dblp computer science bibliography, https://dblp.org}
}

@inproceedings{DBLP:conf/www/RichardsonDR07,
  author    = {Matthew Richardson and
               Ewa Dominowska and
               Robert Ragno},
  title     = {Predicting clicks: estimating the click-through rate for new ads},
  booktitle = {Proceedings of the 16th International Conference on World Wide Web,
               {WWW} 2007, Banff, Alberta, Canada, May 8-12, 2007},
  pages     = {521--530},
  year      = {2007},
  crossref  = {DBLP:conf/www/2007},
  url       = {http://doi.acm.org/10.1145/1242572.1242643},
  doi       = {10.1145/1242572.1242643},
  timestamp = {Wed, 22 Aug 2007 09:51:15 +0200},
  biburl    = {https://dblp.org/rec/bib/conf/www/RichardsonDR07},
  bibsource = {dblp computer science bibliography, https://dblp.org}
}

@article{DBLP:journals/jmlr/GuyonE03,
  author    = {Isabelle Guyon and
               Andr{\'{e}} Elisseeff},
  title     = {An Introduction to Variable and Feature Selection},
  journal   = {Journal of Machine Learning Research},
  volume    = {3},
  pages     = {1157--1182},
  year      = {2003},
  url       = {http://www.jmlr.org/papers/v3/guyon03a.html},
  timestamp = {Fri, 20 Feb 2004 12:24:55 +0100},
  biburl    = {https://dblp.org/rec/bib/journals/jmlr/GuyonE03},
  bibsource = {dblp computer science bibliography, https://dblp.org}
}

@inproceedings{DBLP:conf/ijcai/JapkowiczMG95,
  author    = {Nathalie Japkowicz and
               Catherine Myers and
               Mark A. Gluck},
  title     = {A Novelty Detection Approach to Classification},
  booktitle = {Proceedings of the Fourteenth International Joint Conference on Artificial
               Intelligence, {IJCAI} 95, Montr{\'{e}}al Qu{\'{e}}bec, Canada,
               August 20-25 1995, 2 Volumes},
  pages     = {518--523},
  year      = {1995},
  crossref  = {DBLP:conf/ijcai/1995},
  url       = {http://ijcai.org/Proceedings/95-1/Papers/068.pdf},
  timestamp = {Tue, 19 Jul 2016 15:06:26 +0200},
  biburl    = {https://dblp.org/rec/bib/conf/ijcai/JapkowiczMG95},
  bibsource = {dblp computer science bibliography, https://dblp.org}
}

