@article{DBLP:journals/sigkdd/Weiss04,
  author    = {Gary M. Weiss},
  title     = {Mining with rarity: a unifying framework},
  journal   = {{SIGKDD} Explorations},
  volume    = {6},
  number    = {1},
  pages     = {7--19},
  year      = {2004},
  url       = {http://doi.acm.org/10.1145/1007730.1007734},
  doi       = {10.1145/1007730.1007734},
  timestamp = {Thu, 09 Feb 2006 13:36:45 +0100},
  bibsource = {dblp computer science bibliography, https://dblp.org}
}

@inproceedings{DBLP:conf/www/RichardsonDR07,
  author    = {Matthew Richardson and
               Ewa Dominowska and
               Robert Ragno},
  title     = {Predicting clicks: estimating the click-through rate for new ads},
  booktitle = {Proceedings of the 16th International Conference on World Wide Web,
               {WWW} 2007, Banff, Alberta, Canada, May 8-12, 2007},
  pages     = {521--530},
  year      = {2007},
  url       = {http://doi.acm.org/10.1145/1242572.1242643},
  doi       = {10.1145/1242572.1242643},
  timestamp = {Wed, 22 Aug 2007 09:51:15 +0200},
  bibsource = {dblp computer science bibliography, https://dblp.org}
}

@article{DBLP:journals/jmlr/GuyonE03,
  author    = {Isabelle Guyon and
               Andr{\'{e}} Elisseeff},
  title     = {An Introduction to Variable and Feature Selection},
  journal   = {Journal of Machine Learning Research},
  volume    = {3},
  pages     = {1157--1182},
  year      = {2003},
  url       = {http://www.jmlr.org/papers/v3/guyon03a.html},
  timestamp = {Fri, 20 Feb 2004 12:24:55 +0100},
  bibsource = {dblp computer science bibliography, https://dblp.org}
}

@inproceedings{DBLP:conf/ijcai/JapkowiczMG95,
  author    = {Nathalie Japkowicz and
               Catherine Myers and
               Mark A. Gluck},
  title     = {A Novelty Detection Approach to Classification},
  booktitle = {Proceedings of the Fourteenth International Joint Conference on Artificial
               Intelligence, {IJCAI} 95, Montr{\'{e}}al Qu{\'{e}}bec, Canada,
               August 20-25 1995, 2 Volumes},
  pages     = {518--523},
  year      = {1995},
  url       = {http://ijcai.org/Proceedings/95-1/Papers/068.pdf},
  timestamp = {Tue, 19 Jul 2016 15:06:26 +0200},
  bibsource = {dblp computer science bibliography, https://dblp.org}
}

@ARTICLE{4644060,
author={D. G. {Tzikas} and A. C. {Likas} and N. P. {Galatsanos}},
journal={IEEE Signal Processing Magazine},
title={The variational approximation for Bayesian inference},
year={2008},
volume={25},
number={6},
pages={131-146},
keywords={approximation theory;Bayes methods;belief networks;history;inference mechanisms;variational techniques;variational approximation;Bayesian inference;Bayes theorem;Laplace method;Bayesian methods;Signal processing algorithms;Inference algorithms;Iterative algorithms;Maximum likelihood estimation;Autobiographies;Loss measurement;Particle measurements;Approximation algorithms;Life estimation},
doi={10.1109/MSP.2008.929620},
ISSN={1053-5888},
month={November},}

@book{Bishop:2006:PRM:1162264,
 author = {Bishop, Christopher M.},
 title = {Pattern Recognition and Machine Learning (Information Science and Statistics)},
 year = {2006},
 isbn = {0387310738},
 publisher = {Springer-Verlag},
 address = {Berlin, Heidelberg}
} 

@incollection{Neal:1999:VEA:308574.308679,
 author = {Neal, Radford M. and Hinton, Geoffrey E.},
 chapter = {A View of the EM Algorithm That Justifies Incremental, Sparse, and Other Variants},
 title = {Learning in Graphical Models},
 editor = {Jordan, Michael I.},
 year = {1999},
 isbn = {0-262-60032-3},
 pages = {355--368},
 numpages = {14},
 url = {http://dl.acm.org/citation.cfm?id=308574.308679},
 acmid = {308679},
 publisher = {MIT Press},
 address = {Cambridge, MA, USA},
}
